% The boundary condition
@book{timm2016lattice,
  title={The lattice Boltzmann method: principles and practice},
  author={Timm, Kr{\"u}ger and Kusumaatmaja, H and Kuzmin, A and Shardt, O and Silva, G and Viggen, E},
  year={2016},
  publisher={Springer: Berlin, Germany}
}

% Boundary condition
@book{succi2018lattice,
  title={The lattice Boltzmann equation: for complex states of flowing matter},
  author={Succi, Sauro},
  year={2018},
  publisher={Oxford University Press}
}

% The verification using analytical solutions
@article{fei2018three,
  title={Three-dimensional cascaded lattice Boltzmann method: Improved implementation and consistent forcing scheme},
  author={Fei, Linlin and Luo, Kai H and Li, Qing},
  journal={Physical Review E},
  volume={97},
  number={5},
  pages={053309},
  year={2018},
  publisher={APS}
}

% Reynolds number
@misc{kundu2008fluid,
  title={Fluid Mechanics 4th},
  author={Kundu, Pijush K and Cohen, Ira M and Dowling, D},
  year={2008},
  publisher={Elsevier}
}

% moving wall (the assumption of average density)
@article{begum2008lattice,
  title={Lattice Boltzmann method and its applications to fluid flow problems},
  author={Begum, Romana and Basit, M Abdul},
  journal={European Journal of Scientific Research},
  volume={22},
  number={2},
  pages={216--231},
  year={2008}
}

% Boltzmann Transport equation (BTE)
% Use of the boltzmann equation to simulate lattice gas automata

% The relaxation of BTE to Maxwell velocity distribution function
% Kerson Huang. Statistical mechanics. Wiley, New York, 2nd ed. edition,
1987

% The approximation of relaxation of flow: f[eq]
% P. L. Bhatnagar, E. P. Gross, and M. Krook. A model for collision
processes in gases. i. small amplitude processes in charged and neutral
one-component systems. Physical Review, 94(3):511–525, 1954.

% Periodic boundary condition
% Benoît Paul Émile CLAPEYRON. Mémoire sur la puissance motrice
de la chaleur. Journal de l’École Polytechnique, 1834.

% moving wall
% A study of wall boundary conditions in pseudopotential lattice Boltzmann models
% On pressure and velocity boundary conditions for the lattice Boltzmann BGK model

% The flexibility of the order of each step
% Timm Krüger, Halim Kusumaatmaja, Alexandr Kuzmin, Orest Shardt,
Goncalo Silva, and Erlend Magnus Viggen. The lattice Boltzmann BIBLIOGRAPHY
method: Principles and practice / Timm Krüger, Halim Kusumaatmaja, Alexandr Kuzmin, Orest Shardt, Goncalo Silva, Erlend Magnus
Viggen. Graduate texts in physics, 1868-4513. Springer, Switzerland,
2016.

% The flexibility of the order of each step
% Sauro Succi. The Lattice Boltzman Equation: For Complex States of
Flowing Matter, volume 1. Oxford University Press, 2018.

% Amdahl's law
% Gene M. Amdahl. Validity of the single processor approach to achieving
large scale computing capabilities. In Unknown, editor, Proceedings of
the April 18-20, 1967, spring joint computer conference on - AFIPS ’67
(Spring), page 483, New York, New York, USA, 1967. ACM Press.